%YAML 1.1
%TAG !u! tag:unity3d.com,2011:
--- !u!1 &5822010091968873839
GameObject:
  m_ObjectHideFlags: 0
  m_CorrespondingSourceObject: {fileID: 0}
  m_PrefabInstance: {fileID: 0}
  m_PrefabAsset: {fileID: 0}
  serializedVersion: 6
  m_Component:
  - component: {fileID: 5822010091968873838}
  m_Layer: 0
  m_Name: Fish Repel
  m_TagString: Untagged
  m_Icon: {fileID: 0}
  m_NavMeshLayer: 0
  m_StaticEditorFlags: 0
  m_IsActive: 0
--- !u!4 &5822010091968873838
Transform:
  m_ObjectHideFlags: 0
  m_CorrespondingSourceObject: {fileID: 0}
  m_PrefabInstance: {fileID: 0}
  m_PrefabAsset: {fileID: 0}
  m_GameObject: {fileID: 5822010091968873839}
  m_LocalRotation: {x: -0, y: 0.6444969, z: -0, w: 0.76460695}
  m_LocalPosition: {x: -16.3, y: -1.79, z: -39.4}
  m_LocalScale: {x: 0.44851908, y: 0.44851908, z: 0.44851908}
  m_Children:
  - {fileID: 6287401285595062426}
  m_Father: {fileID: 5822010092133571925}
  m_RootOrder: 2
  m_LocalEulerAnglesHint: {x: 0, y: 80.256004, z: 0}
--- !u!1 &5822010092085095200
GameObject:
  m_ObjectHideFlags: 0
  m_CorrespondingSourceObject: {fileID: 0}
  m_PrefabInstance: {fileID: 0}
  m_PrefabAsset: {fileID: 0}
  serializedVersion: 6
  m_Component:
  - component: {fileID: 5822010092085095199}
  m_Layer: 0
  m_Name: Attraction 1
  m_TagString: Untagged
  m_Icon: {fileID: 0}
  m_NavMeshLayer: 0
  m_StaticEditorFlags: 0
  m_IsActive: 0
--- !u!4 &5822010092085095199
Transform:
  m_ObjectHideFlags: 0
  m_CorrespondingSourceObject: {fileID: 0}
  m_PrefabInstance: {fileID: 0}
  m_PrefabAsset: {fileID: 0}
  m_GameObject: {fileID: 5822010092085095200}
  m_LocalRotation: {x: -0, y: -0, z: -0, w: 1}
  m_LocalPosition: {x: -38.9, y: 0, z: -36.8}
  m_LocalScale: {x: 1, y: 1, z: 1}
  m_Children: []
  m_Father: {fileID: 5822010092133571925}
  m_RootOrder: 0
  m_LocalEulerAnglesHint: {x: 0, y: 0, z: 0}
--- !u!1 &5822010092133571932
GameObject:
  m_ObjectHideFlags: 0
  m_CorrespondingSourceObject: {fileID: 0}
  m_PrefabInstance: {fileID: 0}
  m_PrefabAsset: {fileID: 0}
  serializedVersion: 6
  m_Component:
  - component: {fileID: 5822010092133571925}
  - component: {fileID: 5822010092133571926}
  - component: {fileID: 5822010092133571927}
  - component: {fileID: 5822010092133571928}
  - component: {fileID: 5822010092133571929}
  - component: {fileID: 5822010092133571930}
  - component: {fileID: 5822010092133571931}
  m_Layer: 0
  m_Name: FloatingDust
  m_TagString: Untagged
  m_Icon: {fileID: 0}
  m_NavMeshLayer: 0
  m_StaticEditorFlags: 0
  m_IsActive: 1
--- !u!4 &5822010092133571925
Transform:
  m_ObjectHideFlags: 0
  m_CorrespondingSourceObject: {fileID: 0}
  m_PrefabInstance: {fileID: 0}
  m_PrefabAsset: {fileID: 0}
  m_GameObject: {fileID: 5822010092133571932}
  m_LocalRotation: {x: -0, y: -0, z: -0, w: 1}
  m_LocalPosition: {x: -19.79, y: 0, z: 14}
  m_LocalScale: {x: 1, y: 1, z: 1}
  m_Children:
  - {fileID: 5822010092085095199}
  - {fileID: 5822010092457740560}
  - {fileID: 5822010091968873838}
  m_Father: {fileID: 0}
  m_RootOrder: 0
  m_LocalEulerAnglesHint: {x: 0, y: 0, z: 0}
--- !u!2083052967 &5822010092133571926
VisualEffect:
  m_ObjectHideFlags: 0
  m_CorrespondingSourceObject: {fileID: 0}
  m_PrefabInstance: {fileID: 0}
  m_PrefabAsset: {fileID: 0}
  m_GameObject: {fileID: 5822010092133571932}
  m_Enabled: 1
  m_Asset: {fileID: 8926484042661614526, guid: 1b08e4cf70500764aa0b375babb3759c, type: 3}
  m_InitialEventName: OnPlay
  m_InitialEventNameOverriden: 0
  m_StartSeed: 0
  m_ResetSeedOnPlay: 1
  m_PropertySheet:
    m_Float:
      m_Array:
      - m_Value: 0.2
        m_Name: Attraction Drag
        m_Overridden: 1
      - m_Value: 25
        m_Name: Attractive Strenght
        m_Overridden: 1
      - m_Value: 1
        m_Name: Repel Drag
        m_Overridden: 1
      - m_Value: -10
        m_Name: Repel Strenght
        m_Overridden: 1
      - m_Value: 0.1
        m_Name: Size A
        m_Overridden: 1
      - m_Value: 0.3
        m_Name: Size B
        m_Overridden: 1
    m_Vector2f:
      m_Array:
      - m_Value: {x: -10, y: 0}
        m_Name: Fish Turbulance Direction
        m_Overridden: 1
      - m_Value: {x: 10, y: 100}
        m_Name: Spawn Rate
        m_Overridden: 1
      - m_Value: {x: 0, y: 1}
        m_Name: Spawns every ....
        m_Overridden: 1
      - m_Value: {x: 1, y: 1}
        m_Name: Fish Flipbook size
        m_Overridden: 1
      - m_Value: {x: 0, y: 0}
        m_Name: Flipbook Framerate
        m_Overridden: 1
      - m_Value: {x: 1, y: 1}
        m_Name: Dust Flipbook size
        m_Overridden: 1
    m_Vector3f:
      m_Array:
      - m_Value: {x: 12.9, y: 0, z: -36.43}
        m_Name: Attractive Target Pos
        m_Overridden: 1
      - m_Value: {x: -27.900002, y: 0, z: -34.43}
        m_Name: Attractive Target pos 2
        m_Overridden: 1
      - m_Value: {x: -5.299999, y: -1.79, z: -37.030003}
        m_Name: Repellor Target Pos
        m_Overridden: 1
      - m_Value: {x: 0, y: 0, z: 0}
        m_Name: BOXCollider_center
        m_Overridden: 1
      - m_Value: {x: 10, y: 50, z: 10}
        m_Name: BOXCollider_size
        m_Overridden: 1
      - m_Value: {x: -31.92, y: 0, z: 0}
        m_Name: Box collider location
        m_Overridden: 1
      - m_Value: {x: 50, y: 50, z: 50}
        m_Name: Box collider size
        m_Overridden: 1
      - m_Value: {x: -10, y: 0, z: -10}
        m_Name: Fish Start Velocity Max
        m_Overridden: 1
      - m_Value: {x: 10, y: 0, z: 10}
        m_Name: Fish Start velocity Min
        m_Overridden: 1
      - m_Value: {x: 7.89, y: 10, z: 0}
        m_Name: Spawn Box location
        m_Overridden: 1
      - m_Value: {x: 100, y: 100, z: 100}
        m_Name: Size of spawn box
        m_Overridden: 1
      - m_Value: {x: 18.37, y: 0, z: 10}
        m_Name: Location collide box
        m_Overridden: 1
      - m_Value: {x: 200, y: 200, z: 200}
        m_Name: Size of collide box
        m_Overridden: 1
      - m_Value: {x: 1, y: 1, z: 1}
        m_Name: Dust Start velocity Min
        m_Overridden: 1
      - m_Value: {x: -1, y: -1, z: -1}
        m_Name: Dust Start Velocity Max
        m_Overridden: 1
    m_Vector4f:
      m_Array:
      - m_Value: {x: 0.7490196, y: 0.63529414, z: 0, w: 1}
        m_Name: Fish Color 2
        m_Overridden: 1
      - m_Value: {x: 0, y: 0.7204802, z: 1, w: 1}
        m_Name: Fish Color 1
        m_Overridden: 1
    m_Uint:
      m_Array: []
    m_Int:
      m_Array:
      - m_Value: 2
        m_Name: Collide Bounce strenght
        m_Overridden: 1
      - m_Value: 5
        m_Name: Lifetime A
        m_Overridden: 1
      - m_Value: 20
        m_Name: Lifetime B
        m_Overridden: 1
    m_Matrix4x4f:
      m_Array: []
    m_AnimationCurve:
      m_Array: []
    m_Gradient:
      m_Array:
      - m_Value:
          serializedVersion: 2
          key0: {r: 0.18039216, g: 0.14901961, b: 0.08529412, a: 0}
          key1: {r: 0.42869055, g: 0.3515327, b: 0.2015563, a: 0.5882353}
          key2: {r: 0.59607846, g: 0.59607846, b: 0.59607846, a: 0.39215687}
          key3: {r: 0.30054384, g: 0.25015837, b: 0.15292618, a: 0}
          key4: {r: 1, g: 1, b: 1, a: 0}
          key5: {r: 1, g: 1, b: 1, a: 0}
          key6: {r: 1, g: 1, b: 1, a: 0}
          key7: {r: 0, g: 0, b: 0, a: 0}
          ctime0: 4241
          ctime1: 21781
          ctime2: 40670
          ctime3: 60138
          ctime4: 65535
          ctime5: 65535
          ctime6: 65535
          ctime7: 0
          atime0: 0
          atime1: 4241
          atime2: 59367
          atime3: 65535
          atime4: 65535
          atime5: 0
          atime6: 0
          atime7: 0
          m_Mode: 0
          m_NumColorKeys: 4
          m_NumAlphaKeys: 4
        m_Name: Color Gradient
        m_Overridden: 1
    m_NamedObject:
      m_Array:
      - m_Value: {fileID: 2800000, guid: b2b7e08ad38c9e4448a2f578841a26db, type: 3}
        m_Name: Fish Texture
        m_Overridden: 1
      - m_Value: {fileID: 10300, guid: 0000000000000000f000000000000000, type: 0}
        m_Name: Dust Texture
        m_Overridden: 1
    m_Bool:
      m_Array: []
--- !u!73398921 &5822010092133571927
VFXRenderer:
  m_ObjectHideFlags: 0
  m_CorrespondingSourceObject: {fileID: 0}
  m_PrefabInstance: {fileID: 0}
  m_PrefabAsset: {fileID: 0}
  m_GameObject: {fileID: 5822010092133571932}
  m_Enabled: 1
  m_CastShadows: 0
  m_ReceiveShadows: 0
  m_DynamicOccludee: 1
  m_MotionVectors: 0
  m_LightProbeUsage: 0
  m_ReflectionProbeUsage: 0
  m_RayTracingMode: 0
  m_RenderingLayerMask: 1
  m_RendererPriority: 0
  m_Materials:
  - {fileID: 0}
  m_StaticBatchInfo:
    firstSubMesh: 0
    subMeshCount: 0
  m_StaticBatchRoot: {fileID: 0}
  m_ProbeAnchor: {fileID: 0}
  m_LightProbeVolumeOverride: {fileID: 0}
  m_ScaleInLightmap: 1
  m_ReceiveGI: 1
  m_PreserveUVs: 0
  m_IgnoreNormalsForChartDetection: 0
  m_ImportantGI: 0
  m_StitchLightmapSeams: 1
  m_SelectedEditorRenderState: 3
  m_MinimumChartSize: 4
  m_AutoUVMaxDistance: 0.5
  m_AutoUVMaxAngle: 89
  m_LightmapParameters: {fileID: 0}
  m_SortingLayerID: 0
  m_SortingLayer: 0
  m_SortingOrder: 0
--- !u!114 &5822010092133571928
MonoBehaviour:
  m_ObjectHideFlags: 0
  m_CorrespondingSourceObject: {fileID: 0}
  m_PrefabInstance: {fileID: 0}
  m_PrefabAsset: {fileID: 0}
  m_GameObject: {fileID: 5822010092133571932}
  m_Enabled: 1
  m_EditorHideFlags: 0
  m_Script: {fileID: 11500000, guid: cdafc37f32b176349b1684c4455b98e9, type: 3}
  m_Name: 
  m_EditorClassIdentifier: 
  m_ExecuteInEditor: 1
  m_Bindings:
  - {fileID: 5822010092133571929}
  - {fileID: 5822010092133571931}
  - {fileID: 5822010092133571930}
  m_VisualEffect: {fileID: 5822010092133571926}
--- !u!114 &5822010092133571929
MonoBehaviour:
  m_ObjectHideFlags: 0
  m_CorrespondingSourceObject: {fileID: 0}
  m_PrefabInstance: {fileID: 0}
  m_PrefabAsset: {fileID: 0}
  m_GameObject: {fileID: 5822010092133571932}
  m_Enabled: 1
  m_EditorHideFlags: 0
  m_Script: {fileID: 11500000, guid: 07c3070554d0a8944a95ff8f018c2c9f, type: 3}
  m_Name: 
  m_EditorClassIdentifier: 
  m_Property:
    m_Name: Attractive Target Pos
  Target: {fileID: 5822010092457740560}
--- !u!114 &5822010092133571930
MonoBehaviour:
  m_ObjectHideFlags: 0
  m_CorrespondingSourceObject: {fileID: 0}
  m_PrefabInstance: {fileID: 0}
  m_PrefabAsset: {fileID: 0}
  m_GameObject: {fileID: 5822010092133571932}
  m_Enabled: 1
  m_EditorHideFlags: 0
  m_Script: {fileID: 11500000, guid: 07c3070554d0a8944a95ff8f018c2c9f, type: 3}
  m_Name: 
  m_EditorClassIdentifier: 
  m_Property:
    m_Name: Attractive Target pos 2
  Target: {fileID: 5822010092085095199}
--- !u!114 &5822010092133571931
MonoBehaviour:
  m_ObjectHideFlags: 0
  m_CorrespondingSourceObject: {fileID: 0}
  m_PrefabInstance: {fileID: 0}
  m_PrefabAsset: {fileID: 0}
  m_GameObject: {fileID: 5822010092133571932}
  m_Enabled: 1
  m_EditorHideFlags: 0
  m_Script: {fileID: 11500000, guid: 07c3070554d0a8944a95ff8f018c2c9f, type: 3}
  m_Name: 
  m_EditorClassIdentifier: 
  m_Property:
    m_Name: Repellor Target Pos
  Target: {fileID: 5822010091968873838}
--- !u!1 &5822010092457740561
GameObject:
  m_ObjectHideFlags: 0
  m_CorrespondingSourceObject: {fileID: 0}
  m_PrefabInstance: {fileID: 0}
  m_PrefabAsset: {fileID: 0}
  serializedVersion: 6
  m_Component:
  - component: {fileID: 5822010092457740560}
  m_Layer: 0
  m_Name: Attraction 2
  m_TagString: Untagged
  m_Icon: {fileID: 0}
  m_NavMeshLayer: 0
  m_StaticEditorFlags: 0
  m_IsActive: 0
--- !u!4 &5822010092457740560
Transform:
  m_ObjectHideFlags: 0
  m_CorrespondingSourceObject: {fileID: 0}
  m_PrefabInstance: {fileID: 0}
  m_PrefabAsset: {fileID: 0}
  m_GameObject: {fileID: 5822010092457740561}
  m_LocalRotation: {x: -0, y: -0, z: -0, w: 1}
  m_LocalPosition: {x: 1.9, y: 0, z: -38.8}
  m_LocalScale: {x: 1, y: 1, z: 1}
  m_Children: []
  m_Father: {fileID: 5822010092133571925}
  m_RootOrder: 1
  m_LocalEulerAnglesHint: {x: 0, y: 0, z: 0}
--- !u!1001 &5822010092773902193
PrefabInstance:
  m_ObjectHideFlags: 0
  serializedVersion: 2
  m_Modification:
    m_TransformParent: {fileID: 5822010091968873838}
    m_Modifications:
    - target: {fileID: -8679921383154817045, guid: ce24e43caaa126246b475e80c656ef37,
        type: 3}
      propertyPath: m_LocalPosition.x
      value: 0
      objectReference: {fileID: 0}
    - target: {fileID: -8679921383154817045, guid: ce24e43caaa126246b475e80c656ef37,
        type: 3}
      propertyPath: m_LocalPosition.y
      value: 0
      objectReference: {fileID: 0}
    - target: {fileID: -8679921383154817045, guid: ce24e43caaa126246b475e80c656ef37,
        type: 3}
      propertyPath: m_LocalPosition.z
      value: 0
      objectReference: {fileID: 0}
    - target: {fileID: -8679921383154817045, guid: ce24e43caaa126246b475e80c656ef37,
        type: 3}
      propertyPath: m_LocalRotation.x
      value: 0
      objectReference: {fileID: 0}
    - target: {fileID: -8679921383154817045, guid: ce24e43caaa126246b475e80c656ef37,
        type: 3}
      propertyPath: m_LocalRotation.y
      value: 0
      objectReference: {fileID: 0}
    - target: {fileID: -8679921383154817045, guid: ce24e43caaa126246b475e80c656ef37,
        type: 3}
      propertyPath: m_LocalRotation.z
      value: 0
      objectReference: {fileID: 0}
    - target: {fileID: -8679921383154817045, guid: ce24e43caaa126246b475e80c656ef37,
        type: 3}
      propertyPath: m_LocalRotation.w
      value: 1
      objectReference: {fileID: 0}
    - target: {fileID: -8679921383154817045, guid: ce24e43caaa126246b475e80c656ef37,
        type: 3}
      propertyPath: m_RootOrder
      value: 0
      objectReference: {fileID: 0}
    - target: {fileID: -8679921383154817045, guid: ce24e43caaa126246b475e80c656ef37,
        type: 3}
      propertyPath: m_LocalEulerAnglesHint.x
      value: 0
      objectReference: {fileID: 0}
    - target: {fileID: -8679921383154817045, guid: ce24e43caaa126246b475e80c656ef37,
        type: 3}
      propertyPath: m_LocalEulerAnglesHint.y
      value: 0
      objectReference: {fileID: 0}
    - target: {fileID: -8679921383154817045, guid: ce24e43caaa126246b475e80c656ef37,
        type: 3}
      propertyPath: m_LocalEulerAnglesHint.z
      value: 0
      objectReference: {fileID: 0}
    - target: {fileID: -8679921383154817045, guid: ce24e43caaa126246b475e80c656ef37,
        type: 3}
      propertyPath: m_LocalScale.x
      value: 100
      objectReference: {fileID: 0}
    - target: {fileID: -8679921383154817045, guid: ce24e43caaa126246b475e80c656ef37,
        type: 3}
      propertyPath: m_LocalScale.y
      value: 100
      objectReference: {fileID: 0}
    - target: {fileID: -8679921383154817045, guid: ce24e43caaa126246b475e80c656ef37,
        type: 3}
      propertyPath: m_LocalScale.z
      value: 100
      objectReference: {fileID: 0}
    - target: {fileID: 919132149155446097, guid: ce24e43caaa126246b475e80c656ef37,
        type: 3}
      propertyPath: m_Name
      value: Shark
      objectReference: {fileID: 0}
    m_RemovedComponents: []
  m_SourcePrefab: {fileID: 100100000, guid: ce24e43caaa126246b475e80c656ef37, type: 3}
--- !u!4 &6287401285595062426 stripped
Transform:
  m_CorrespondingSourceObject: {fileID: -8679921383154817045, guid: ce24e43caaa126246b475e80c656ef37,
    type: 3}
  m_PrefabInstance: {fileID: 5822010092773902193}
  m_PrefabAsset: {fileID: 0}
